@misc{kdnuggets1,
author = {Piatetsky, Gregory},
title = {{R, Python Duel As Top Analytics, Data Science software--KDnuggets 2016 Software Poll Results}},
year = {2016},
url = {https://www.kdnuggets.com/2016/06/r-python-top-analytics-data-mining-data-science-software.html}
}

@misc{bhalla,
author={Deepanshu Bhalla},
date={2017-01-01},
title={List of Companies using {R}},
publisher={Data Science Central},
url = {https://www.datasciencecentral.com/profiles/blogs/list-of-companies-using-r},
urldate = {2017-10-31}
}

@misc{rfoundation,
author={{R Foundation}},
title = {What is {R}?},
url = {https://www.r-project.org/about.html},
urldate = {2017-10-31}
}

@misc{muenchen,
author={Robert A. Muenchen},
title={The Popularity of Data Science Software},
url={http://r4stats.com/articles/popularity/},
urldate={2017-01-01}
}

@misc{muenchen2,
author={Robert A. Muenchen},
title={{R Passes SAS in Scholarly Use (finally)}},
url={http://r4stats.com/2016/06/08/r-passes-sas-in-scholarly-use-finally/},
date={2016-06-08},
urldate={2017-01-01}
}